@inproceedings{du2017echo,
  title={The echo chamber effect in Twitter: does community polarization increase?},
  author={Du, Siying and Gregory, Steve},
  booktitle={Complex Networks \& Their Applications V: Proceedings of the 5th International Workshop on Complex Networks and their Applications (COMPLEX NETWORKS 2016)},
  pages={373--378},
  year={2017},
  organization={Springer}
}

@article{cinelli2021echo,
  title={The echo chamber effect on social media},
  author={Cinelli, Matteo and De Francisci Morales, Gianmarco and Galeazzi, Alessandro and Quattrociocchi, Walter and Starnini, Michele},
  journal={Proceedings of the National Academy of Sciences},
  volume={118},
  number={9},
  pages={e2023301118},
  year={2021},
  publisher={National Acad Sciences}
}

@article{colleoni2014echo,
  title={Echo chamber or public sphere? Predicting political orientation and measuring political homophily in Twitter using big data},
  author={Colleoni, Elanor and Rozza, Alessandro and Arvidsson, Adam},
  journal={Journal of communication},
  volume={64},
  number={2},
  pages={317--332},
  year={2014},
  publisher={Oxford University Press}
}

@article{jasny2015empirical,
  title={An empirical examination of echo chambers in US climate policy networks},
  author={Jasny, Lorien and Waggle, Joseph and Fisher, Dana R},
  journal={Nature Climate Change},
  volume={5},
  number={8},
  pages={782--786},
  year={2015},
  publisher={Nature Publishing Group UK London}
}

@article{hosseinmardi2020evaluating,
  title={Evaluating the scale, growth, and origins of right-wing echo chambers on YouTube},
  author={Hosseinmardi, Homa and Ghasemian, Amir and Clauset, Aaron and Rothschild, David M and Mobius, Markus and Watts, Duncan J},
  journal={arXiv preprint arXiv:2011.12843},
  year={2020}
}

@article{rochert2020opinion,
  title={Opinion-based homogeneity on YouTube: Combining sentiment and social network analysis},
  author={R{\"o}chert, Daniel and Neubaum, German and Ross, Bj{\"o}rn and Brachten, Florian and Stieglitz, Stefan},
  journal={Computational Communication Research},
  volume={2},
  number={1},
  pages={81--108},
  year={2020},
  publisher={Amsterdam University Press}
}

@misc{YouTube2022Handles,
  author = {{YouTube}},
  title = {Announcing YouTube handles: A unique identifier to discover and connect on YouTube},
  year = {2022},
  howpublished = {\url{https://support.google.com/youtube/thread/183284252}},
  note = {Accessed: November 5, 2023}
}

@article{wang2023chatgpt,
  title={Is ChatGPT a good sentiment analyzer? A preliminary study},
  author={Wang, Zengzhi and Xie, Qiming and Ding, Zixiang and Feng, Yi and Xia, Rui},
  journal={arXiv preprint arXiv:2304.04339},
  year={2023}
}

@article{grusauskaite2023debating,
  title={Debating (in) echo chambers: How culture shapes communication in conspiracy theory networks on YouTube},
  author={Grusauskaite, Kamile and Carbone, Luca and Harambam, Jaron and Aupers, Stef},
  journal={New Media \& Society},
  pages={14614448231162585},
  year={2023},
  publisher={SAGE Publications Sage UK: London, England}
}

@article{wittenberg2021minimal,
  title={The (minimal) persuasive advantage of political video over text},
  author={Wittenberg, Chloe and Tappin, Ben M and Berinsky, Adam J and Rand, David G},
  journal={Proceedings of the National Academy of Sciences},
  volume={118},
  number={47},
  pages={e2114388118},
  year={2021},
  publisher={National Acad Sciences}
}

@article{villa2021echo,
  title={Echo chamber detection and analysis: a topology-and content-based approach in the COVID-19 scenario},
  author={Villa, Giacomo and Pasi, Gabriella and Viviani, Marco},
  journal={Social Network Analysis and Mining},
  volume={11},
  number={1},
  pages={78},
  year={2021},
  publisher={Springer}
}

@article{mccoy2019toward,
  title={Toward a theory of pernicious polarization and how it harms democracies: Comparative evidence and possible remedies},
  author={McCoy, Jennifer and Somer, Murat},
  journal={The Annals of the American Academy of Political and Social Science},
  volume={681},
  number={1},
  pages={234--271},
  year={2019},
  publisher={SAGE Publications Sage CA: Los Angeles, CA}
}

@article{jasny2018shifting,
  title={Shifting echo chambers in US climate policy networks},
  author={Jasny, Lorien and Dewey, Amanda M and Robertson, Anya Galli and Yagatich, William and Dubin, Ann H and Waggle, Joseph McCartney and Fisher, Dana R},
  journal={PloS one},
  volume={13},
  number={9},
  pages={e0203463},
  year={2018},
  publisher={Public Library of Science San Francisco, CA USA}
}

@article{jasny2019echo,
  title={Echo chambers in climate science},
  author={Jasny, Lorien and Fisher, Dana R},
  journal={Environmental Research Communications},
  volume={1},
  number={10},
  pages={101003},
  year={2019},
  publisher={IOP Publishing}
}

@article{levy2019echo,
  title={Echo chambers and their effects on economic and political outcomes},
  author={Levy, Gilat and Razin, Ronny},
  journal={Annual Review of Economics},
  volume={11},
  pages={303--328},
  year={2019},
  publisher={Annual Reviews}
}

@inproceedings{sung2013influence,
  title={The influence in twitter: Are they really influenced?},
  author={Sung, Juyup and Moon, Seunghyeon and Lee, Jae-Gil},
  booktitle={International Workshop on Behavior and Social Informatics and Computing},
  pages={95--105},
  year={2013},
  organization={Springer}
}

@inproceedings{wattenhofer2012youtube,
  title={The YouTube social network},
  author={Wattenhofer, Mirjam and Wattenhofer, Roger and Zhu, Zack},
  booktitle={Proceedings of the International AAAI Conference on Web and Social Media},
  volume={6},
  number={1},
  pages={354--361},
  year={2012}
}

@book{cranmer2020inferential,
  title={Inferential network analysis},
  author={Cranmer, Skyler J and Desmarais, Bruce A and Morgan, Jason W},
  year={2020},
  publisher={Cambridge University Press}
}
@Manual{R-base,
  title = {R: A Language and Environment for Statistical Computing},
  author = {{R Core Team}},
  organization = {R Foundation for Statistical Computing},
  address = {Vienna, Austria},
  year = {2023},
  url = {https://www.R-project.org/},
}
@Manual{R-papaja,
  title = {{papaja}: {Prepare} reproducible {APA} journal articles with {R Markdown}},
  author = {Frederik Aust and Marius Barth},
  year = {2022},
  note = {R package version 0.1.1.9001},
  url = {https://github.com/crsh/papaja},
}
@Manual{R-tinylabels,
  title = {{tinylabels}: Lightweight Variable Labels},
  author = {Marius Barth},
  year = {2023},
  note = {R package version 0.2.4},
  url = {https://cran.r-project.org/package=tinylabels},
}
